@misc{buffalostateChemicalEquilibrium,
	author = {Buffalo Nazareay},
	title = {{C}hemical {E}quilibrium: {L}ab 4 --- staff.buffalostate.edu},
	howpublished = {\url{https://staff.buffalostate.edu/nazareay/che112/ex6.htm}},
	year = {2020},
	note = {[Accessed 27-11-2023]},
}

@misc{sciencedirectProductionMethanol,
	author = {Fausto Gallucci},
	title = {{P}roduction of {M}ethanol - an overview | {S}cience{D}irect {T}opics --- sciencedirect.com},
	howpublished = {\url{https://www.sciencedirect.com/topics/engineering/production-of-methanol}},
	year = {2018},
	note = {[Accessed 27-11-2023]},
}

@article{clydesdale1978colorimetry,
  title={Colorimetryâ€”methodology and applications},
  author={Clydesdale, Fergus M and Ahmed, EM},
  journal={Critical Reviews in Food Science \& Nutrition},
  volume={10},
  number={3},
  pages={243--301},
  year={1978},
  publisher={Taylor \& Francis}
}

@article{hammett1935some,
  title={Some relations between reaction rates and equilibrium constants.},
  author={Hammett, Louis P},
  journal={Chemical reviews},
  volume={17},
  number={1},
  pages={125--136},
  year={1935},
  publisher={ACS Publications}
}

@misc{libretextsHaberProcess,
	author = {Jim Clark},
	title = {{T}he {H}aber {P}rocess --- chem.libretexts.org},
	howpublished = {\url{https://chem.libretexts.org/Bookshelves/Physical_and_Theoretical_Chemistry_Textbook_Maps/Supplemental_Modules_(Physical_and_Theoretical_Chemistry)/Equilibria/Le_Chateliers_Principle/The_Haber_Process}},
	year = {2022},
	note = {[Accessed 27-11-2023]},
}

@book{taylor_1982, 
    place={Mill Valley, CA}, 
    title={An introduction to error analysis: The study of uncertainties in physical measurements}, 
    publisher={University Science Books}, 
    author={Taylor, John R.}, 
    year={1982}
} 